%
% by pts at fazekas.hu at Wed Jul 29 12:23:18 CEST 2009
%

@misc{djvu-tutorial,
  note={URL \url{http://www.djvuzone.org/support/tutorial/chapter-intro.html}},
}

@misc{dvipdfmx,
  note={URL \url{http://project.ktug.or.kr/dvipdfmx/}},
}

@misc{pdfsizeopt-extra,
  note={URL \url{http://code.google.com/p/pdfsizeopt/source/browse/#svn/trunk/extra}},
}

@misc{pts-graphics-helper,
  note={URL \url{http://code.google.com/p/pdfsizeopt/source/browse/#svn/trunk/extra}},
}

@misc{pstricks-pdfoutput,
  note={URL \url{http://tug.org/PSTricks/main.cgi?file=pdf/pdfoutput}},
}

@misc{pdfenhancer,
  note={URL \url{http://www.apagoinc.com/prod_home.php?prod_id=2}},
}

@misc{example-pdfs,
  note={URL \url{http://code.google.com/p/pdfsizeopt/wiki/ExamplePDFsToOptimize}},
}

@misc{pdfsizeopt,
  note={URL \url{http://code.google.com/p/pdfsizeopt}},
}

@misc{jbig2enc,
  note={URL \url{http://github.com/agl/jbig2enc/tree/master}},
}

@misc{pdfsizeopt-install,
  note={URL \url{http://code.google.com/p/pdfsizeopt/wiki/InstallationInstructions}},
}

@misc{multivalent-download,
  note={URL \url{http://sourceforge.net/projects/multivalent/files/}},
}

@misc{multivalent-compress-tool,
  note={URL \url{http://multivalent.sourceforge.net/Tools/pdf/Compress.html}},
}

@misc{pdf-concatenate,
  note={URL \url{http://ansuz.sooke.bc.ca/software/pdf-append.php}},
}

@misc{png-recompressors,
  note={URL \url{http://en.wikipedia.org/wiki/OptiPNG}},
}

@misc{ps2pdf,
  note={URL \url{http://pages.cs.wisc.edu/~ghost/doc/cvs/Ps2pdf.htm}},
}

@misc{creative-pdf,
  year=2004,
  title={Creative use of {PDF} files in {\LaTeX} environments},
  note={URL \url{http://www.tu-chemnitz.de/urz/anwendungen/tex/stammtisch/chronik/pdf_interna.pdf}},
}

@misc{optipng,
  note={URL \url{http://optipng.sourceforge.net/pngtech/optipng.html}},
}

@misc{pdftweak,
  note={URL \url{http://websiteoptimization.com/speed/tweak/pdf/}},
}

@misc{packjpg,
  year=2007,
  note={URL \url{http://www.elektronik.htw-aalen.de/packjpg/}},
}

@misc{compressing-your,
  title={Compressing your PDF files},
  note={URL \url{http://www.verypdf.com/pdfinfoeditor/compression.htm}},
}

@misc{pdfcompress,
  note={URL \url{http://www.verypdf.com/pdfinfoeditor/pdfcompress.htm}},
}

@misc{pdfenhancer-features,
  note={URL \url{http://www.apagoinc.com/prod_feat.php?feat_id=30&feat_disp_order=7&prod_id=2}},
}

@misc{djvu3spec,
  note={URL \url{http://djvu.org/docs/DjVu3Spec.djvu}},
}

@misc{pdfdb,
  editor={Michael Still},
  title={{PDF} Database},
  note={URL \url{http://www.stillhq.com/pdfdb/db.html}},
}

@misc{pdf-bestpractices,
  note={URL \url{http://www.planetpdf.com/creative/article.asp?ContentID=6568}},
}

@misc{acrobatpro,
  note={URL \url{http://www.adobe.com/products/acrobatpro/}},
}

@misc{multivalent,
  note={URL \url{http://multivalent.sourceforge.net/}},
}

@misc{multivalent-compress,
  note={URL \url{http://multivalent.sourceforge.net/Tools/pdf/Compress.html}},
}

@misc{pdfcreator,
  note={URL \url{http://!!}},
}

@misc{ps2df,
  note={URL \url{http://!!}},
}

@misc{multivalent-articles,
  note={URL \url{http://!!}},
}

@misc{multivalent-compact,
  note={URL \url{http://!!}},
}

@misc{pdfref,
  note={URL \url{http://!!}},
}

@misc{dvips,
  note={URL \url{http://!!}},
}

@misc{pdftex,
  note={URL \url{http://!!}},
}

@misc{tikz,
  note={URL \url{http://!!}},
}

@misc{textext,
  note={URL \url{http://!!}},
}

@misc{sam2p,
  note={URL \url{http://!!}},
}

@misc{gimp,
  note={URL \url{http://!!}},
}

@misc{pdfwrite-params,
  note={URL \url{http://!!}},
}

@misc{cff,
  note={URL \url{http://!!}},
}

@misc{kzip,
  note={URL \url{http://!!}},
}

@misc{pngout,
  note={URL \url{http://!!}},
}

@misc{beamer,
  note={URL \url{http://!!}},
}

@misc{codemantra,
  note={URL \url{http://!!}},
}

@misc{pdf-contatenate,
  note={URL \url{http://!!}},
}

@misc{djvu,
  note={URL \url{http://!!}},
}


% --- Prepared

@proceedings{pdf-diet,
  title={Two Diet Plans for Fat {PDF}},
  author={Thomas A. Phelps and Robert Wilensky},
  booktitle={Proceedings of ACM Symposium on Document Engineering},
  ignored-official-url={http://portal.acm.org/citation.cfm?doid=958220.958253},
  year=2003,
  month=nov,
  note={URL \url{http://multivalent.sourceforge.net/Research/TwoDietPlans.pdf}},
}

@misc{pdf-iso,
  title={{ISO} 32000-1:2008 {Document} management --
         {Portable} document format -- Part 1: {PDF} 1.7},
  note={URL \url{http://www.iso.org/iso/iso_catalogue/catalogue_tc/catalogue_detail.htm?csnumber=51502}},
  year=2008,
  key={ISO 32000-1:2008},
  done=1,
}
